@article{lu2017ffr,
  author={Lu, M. T. and Ferencik, M. and Roberts, R. S. and Lee, K. L. and Ivanov, A. and Adami, E. and Mark, D. B. and Jaffer, F. A. and Leipsic, J. A. and Douglas, P. S. and Hoffmann, U.},
  title={Noninvasive FFR Derived From Coronary CT Angiography: Management and Outcomes in the PROMISE Trial},
  journal={JACC Cardiovasc Imaging},
  volume={10},
  number={11},
  pages={1350--1358},
  year={2017},
  doi={10.1016/j.jcmg.2016.11.024},
  pmid={28412436},
  pmcid={PMC5632098}
}

@article{patel2020advance,
  author={Patel, M. R. and Norgaard, B. L. and Fairbairn, T. A. and Nieman, K. and Akasaka, T. and Berman, D. S. and Raff, G. L. and Hurwitz Koweek, L. M. and Pontone, G. and Kawasaki, T. and Sand, N. P. R. and Jensen, J. M. and Amano, T. and Poon, M. and Ovrehus, K. A. and Sonck, J. and Rabbat, M. G. and Mullen, S. and De Bruyne, B. and Rogers, C. and Matsuo, H. and Bax, J. J. and Leipsic, J.},
  title={1-Year Impact on Medical Practice and Clinical Outcomes of FFRCT: The ADVANCE Registry},
  journal={JACC Cardiovasc Imaging},
  volume={13},
  number={1 Pt 1},
  pages={97--105},
  year={2020},
  doi={10.1016/j.jcmg.2019.03.003},
  pmid={31005540}
}

@article{villines2020advance,
  author={Villines, T. C.},
  title={Computed Tomography-Derived Fractional Flow Reserve: A Needed ADVANCE or Expensive Nicety?},
  journal={JACC Cardiovasc Imaging},
  volume={13},
  number={1 Pt 1},
  pages={106--108},
  year={2020},
  doi={10.1016/j.jcmg.2019.04.005},
  pmid={31103582}
}

@article{norgaard2019ctffr,
  author={Norgaard, B. L. and Fairbairn, T. A. and Safian, R. D. and Rabbat, M. G. and Ko, B. and Jensen, J. M. and Nieman, K. and Chinnaiyan, K. M. and Sand, N. P. and Matsuo, H. and Leipsic, J. and Raff, G.},
  title={Coronary CT Angiography-derived Fractional Flow Reserve Testing in Patients with Stable Coronary Artery Disease: Recommendations on Interpretation and Reporting},
  journal={Radiol Cardiothorac Imaging},
  volume={1},
  number={5},
  pages={e190050},
  year={2019},
  doi={10.1148/ryct.2019190050},
  pmid={33778528},
  pmcid={PMC7977999}
}

@article{agasthi2018meta,
  author={Agasthi, P. and Kanmanthareddy, A. and Khalil, C. and Egbuche, O. and Yarlagadda, V. and Sachdeva, R. and Arsanjani, R.},
  title={Comparison of Computed Tomography derived Fractional Flow Reserve to invasive Fractional Flow Reserve in Diagnosis of Functional Coronary Stenosis: A Meta-Analysis},
  journal={Scientific Reports},
  volume={8},
  number={1},
  pages={11535},
  year={2018},
  doi={10.1038/s41598-018-29910-9},
  pmid={30069020},
  pmcid={PMC6070545}
}

@article{pal1993segmentation,
  author={Pal, N. R. and Pal, S. K.},
  title={A review on image segmentation techniques},
  journal={Pattern Recognition},
  volume={26},
  number={9},
  pages={1277--1294},
  year={1993},
  doi={10.1016/0031-3203(93)90135-J}
}

@article{revol1997regiongrow,
  author={Revol-Muller, C. and Jourlin, M.},
  title={A new minimum variance region growing algorithm for image segmentation},
  journal={Pattern Recognition Letters},
  volume={18},
  pages={249--258},
  year={1997}
}

@article{bajaj2015heart,
  author={Bajaj, C. L. and Goswami, S. and Yu, Z. and Zhang, Y. J. and Bazilevs, Y. and Hughes, T. J.},
  title={Patient specific heart models from high resolution CT},
  booktitle={Computational Modeling of Objects Represented in Images},
  year={2015}
}

@article{mcqueen2005heart,
  author={McQueen, D. M. and O’Donnell, T. and Griffith, B. E. and Peskin, C. S.},
  title={Constructing a patient-specific model heart from CT data},
  booktitle={Handbook of Biomedical Imaging: Methodologies and Clinical Research},
  pages={183--197},
  publisher={Springer US},
  year={2005},
  doi={10.1007/978-0-387-09749-7_10}
}

@article{carson2019benchmark,
  author={Carson, J. M. and Pant, S. and Roobottom, C. and Alcock, R. and Blanco, P. J. and Bulant, C. A. and Vassilevski, Y. and Simakov, S. and Gamilov, T. and Pryamonosov, R. and Liang, F. and Ge, X. and Liu, Y. and Nithiarasu, P.},
  title={Non-invasive coronary CT angiography-derived fractional flow reserve: A benchmark study comparing the diagnostic performance of four different computational methodologies},
  journal={Int J Numer Meth Biomed Engng},
  volume={35},
  pages={e3235},
  year={2019},
  doi={10.1002/cnm.3235}
}

@article{gamage2022octffr,
  author={Gamage, P. T. and Dong, P. and Lee, J. and Gharaibeh, Y. and Zimin, V. N. and Bezerra, H. G. and Wilson, D. L. and Gu, L.},
  title={Fractional Flow Reserve (FFR) Estimation from OCT-Based CFD Simulations: Role of Side Branches},
  journal={Appl Sci},
  volume={12},
  number={11},
  pages={5573},
  year={2022},
  doi={10.3390/app12115573},
  pmid={36313242},
  pmcid={PMC9611764}
}

@article{ecabert2011heart,
  author={Ecabert, O. and Peters, J. and Walker, M. J. and Ivanc, T. and Lorenz, C. and von Berg, J. and Lessick, J. and Vembar, M. and Weese, J.},
  title={Segmentation of the heart and great vessels in CT images using a model-based adaptation framework},
  journal={Medical Image Analysis},
  volume={15},
  number={6},
  pages={863--876},
  year={2011},
  doi={10.1016/j.media.2011.06.004}
}

@article{mcinerney1995fem,
  author={McInerney, T. and Terzopoulos, D.},
  title={A dynamic finite element surface model for segmentation and tracking in multidimensional medical images with application to cardiac 4D image analysis},
  journal={Computerized Medical Imaging and Graphics},
  volume={19},
  number={1},
  pages={69--83},
  year={1995},
  doi={10.1016/0895-6111(94)00040-9}
}

@article{ecabert2008automatic,
  author={Ecabert, O. and Peters, J. and Schramm, H. and Lorenz, C. and von Berg, J. and Walker, M. J. and Vembar, M. and Olszewski, M. E. and Subramanyan, K. and Lavi, G. and Weese, J.},
  title={Automatic model-based segmentation of the heart in CT images},
  journal={IEEE Trans Med Imaging},
  volume={27},
  number={9},
  pages={1189--1201},
  year={2008},
  doi={10.1109/TMI.2008.918330},
  pmid={18753041}
}

@article{lu2020vessels,
  author={Lu, Shengyu},
  title={A novel method for 3D reconstruction of blood vessels},
  booktitle={Journal of Physics: Conference Series},
  volume={1732},
  year={2020}
}

@article{ronneberger2015unet,
  author={Ronneberger, Olaf and Fischer, Philipp and Brox, Thomas},
  title={U-Net: Convolutional Networks for Biomedical Image Segmentation},
  howpublished={arXiv:1505.04597},
  year={2015}
}

@article{ramakrishnan2023vessels,
  author={Ramakrishnan, V. and Schönmehl, R. and Artinger, A. and Winter, L. and Böck, H. and Schreml, S. and Gürtler, F. and Daza, J. and Schmitt, V. H. and Mamilos, A. and Arbelaez, P. and Teufel, A. and Niedermair, T. and Topolcan, O. and Karlíková, M. and Sossalla, S. and Wiedenroth, C. B. and Rupp, M. and Brochhausen, C.},
  title={3D Visualization, Skeletonization and Branching Analysis of Blood Vessels in Angiogenesis},
  journal={Int J Mol Sci},
  volume={24},
  number={9},
  pages={7714},
  year={2023},
  doi={10.3390/ijms24097714},
  pmid={37175421},
  pmcid={PMC10178731}
}

@article{arefinia2024deepffr,
  author={Arefinia, F. and Aria, M. and Rabiei, R. and others},
  title={Non-invasive fractional flow reserve estimation using deep learning on intermediate left anterior descending coronary artery lesion angiography images},
  journal={Scientific Reports},
  volume={14},
  pages={1818},
  year={2024},
  doi={10.1038/s41598-024-52360-5}
}

@article{khav2020ctffr,
  author={Khav, N. and Ihdayhid, A. R. and Ko, B.},
  title={CT-Derived Fractional Flow Reserve (CT-FFR) in the Evaluation of Coronary Artery Disease},
  journal={Heart, Lung and Circulation},
  volume={29},
  pages={1621--1632},
  year={2020},
  doi={10.1016/j.hlc.2020.05.099}
}

@article{douglas_2009,
  title={Achieving Quality in Cardiovascular Imaging II: proceedings from the Second American College of Cardiology -- Duke University Medical Center Think Tank on Quality in Cardiovascular Imaging},
  author={Douglas, Pamela S. and Chen, James and Gillam, Linda and Hendel, Robert and Hundley, W. Gregory and Masoudi, Frederick and Patel, Manesh R. and Peterson, Eric},
  journal={JACC: Cardiovascular Imaging},
  volume={2},
  number={2},
  pages={231--240},
  year={2009},
  month={feb},
  doi={10.1016/j.jcmg.2008.11.012},
  pmid={19356561},
  issn={1936-878X},
  language={english},
  hyphenation={english},
  publisher={Elsevier}
}

@article{vanrosendael_2020,
  title={Clinical risk factors and atherosclerotic plaque extent to define risk for major events in patients without obstructive coronary artery disease: the long-term coronary computed tomography angiography CONFIRM registry},
  author={van Rosendael, Alexander R. and Bax, Anne M. and Smit, Jesse M. and van den Hoogen, Inge J. and Ma, Xue and Al'Aref, Subhi and Achenbach, Stephan and Al-Mallah, Mouaz H. and Andreini, Daniele and Berman, Daniel S. and Budoff, Matthew J. and Cademartiri, Filippo and Callister, Thomas Q. and Chang, Hyuk-Jae and Chinnaiyan, Kavitha and Chow, Benjamin J. W. and Cury, Ricardo C. and DeLago, Anthony and Feuchtner, Gudrun and Hadamitzky, Martin and Hausleiter, Jörg and Kaufmann, Philipp A. and Kim, Young Jin and Leipsic, Jonathon A. and Maffei, Erica and Marques, Helena and de Araújo Gonçalves, Patrícia and Pontone, Gianluca and Raff, Gilbert L. and Rubinshtein, Ronen and Villines, Todd C. and Gransar, Harold and Lu, Yang and Peña, Jason M. and Lin, Fay Y. and Shaw, Leslee J. and Min, James K. and Bax, Jeroen J.},
  journal={European Heart Journal - Cardiovascular Imaging},
  volume={21},
  number={5},
  pages={479--488},
  year={2020},
  month={may},
  doi={10.1093/ehjci/jez322},
  pmid={32065624},
  pmcid={PMC7821703},
  issn={2047-2404},
  language={english},
  hyphenation={english},
  publisher={Oxford University Press}
}

@article{jonas_2025,
  title={CTA-Derived Plaque Characteristics and Risk of Acute Coronary Syndrome in Patients With Coronary Artery Calcium Score of Zero: Insights From the ICONIC Trial},
  author={Jonas, R. A. and Nurmohamed, N. S. and Crabtree, T. R. and Aquino, M. and Jennings, R. S. and Choi, A. D. and Lin, F. Y. and Lee, S. E. and Andreini, D. and Bax, J. and Cademartiri, F. and Chinnaiyan, K. and Chow, B. J. W. and Conte, E. and Cury, R. and Feuchtner, G. and Hadamitzky, M. and Kim, Y. J. and Maffei, E. and Marques, H. and Plank, F. and Pontone, G. and van Rosendael, A. R. and Villines, T. C. and Al'Aref, S. J. and Baskaran, L. and Cho, I. and Danad, I. and Heo, R. and Lee, J. H. and Rizvi, A. and Stuijfzand, W. J. and Sung, J. M. and Park, H. B. and Budoff, M. J. and Samady, H. and Shaw, L. J. and Stone, P. H. and Virmani, R. and Narula, J. and Min, J. K. and Earls, J. P. and Chang, H. J.},
  journal={AJR. American Journal of Roentgenology},
  volume={225},
  number={1},
  pages={e2431476},
  year={2025},
  month={jul},
  doi={10.2214/AJR.24.31476},
  pmid={40304673},
  language={english},
  hyphenation={english},
  publisher={American Roentgen Ray Society}
}

@article{jensen_2012,
  title={Risk stratification of patients suspected of coronary artery disease: comparison of five different models},
  author={Jensen, Jesper M. and Voss, Mads and Hansen, Vibeke B. and Andersen, Lars K. and Johansen, Pernille B. and Munkholm, Henrik and Nørgaard, Bjarne L.},
  journal={Atherosclerosis},
  volume={220},
  number={2},
  pages={557--562},
  year={2012},
  month={feb},
  doi={10.1016/j.atherosclerosis.2011.11.027},
  pmid={22189201},
  language={english},
  hyphenation={english},
  publisher={Elsevier}
}

@incollection{rao_2023,
  title={Coronary Artery Fistula},
  author={Rao, Swathi S. and Agasthi, Prakash},
  booktitle={StatPearls},
  year={2023},
  month={jun},
  publisher={StatPearls Publishing},
  address={Treasure Island (FL)},
  note={Updated Jan 2025},
  howpublished={\url{https://www.ncbi.nlm.nih.gov/books/NBK559165/}},
  pmid={32644617},
  language={english},
  hyphenation={english}
}

@article{chakshu_2022,
  title={Automating fractional flow reserve (FFR) calculation from CT scans: A rapid workflow using unsupervised learning and computational fluid dynamics},
  author={Chakshu, Naveen K. and Carson, James M. and Sazonov, Igor and Nithiarasu, Perumal},
  journal={International Journal for Numerical Methods in Biomedical Engineering},
  volume={38},
  number={3},
  pages={e3559},
  year={2022},
  month={mar},
  doi={10.1002/cnm.3559},
  pmid={34865317},
  pmcid={PMC11475381},
  issn={2040-7939},
  language={english},
  hyphenation={english},
  publisher={Wiley}
}

@article{yu_2022,
  author={Long Yu and Wei He and Wang Qin and Keqiang Wang and Weifeng Guo and Shengzhang Wang},
  title={Noninvasive computed tomography derived fractional flow reserve simulation based on microvascular tree model reconstruction},
  journal={International Journal for Numerical Methods in Biomedical Engineering},
  volume={},
  number={3},
  pages={e3643},
  year={2022},
  doi={10.1002/cnm.3643}
}

@article{csippa_2021_decomposition,
  title={Decomposition of Velocity Field Along a Centerline Curve Using Frenet-Frames: Application to Arterial Blood Flow Simulations},
  author={B. Csippa and Levente Sándor and G. Paál},
  journal={Periodica Polytechnica Mechanical Engineering},
  year={2021},
  doi={10.3311/ppme.18517}
}

@article{decroocq_2023,
  title={Modeling and hexahedral meshing of cerebral arterial networks from centerlines},
  journal={Medical Image Analysis},
  volume={89},
  pages={102912},
  year={2023},
  issn={1361-8415},
  doi={https://doi.org/10.1016/j.media.2023.102912},
  url={https://www.sciencedirect.com/science/article/pii/S136184152300172X},
  author={Méghane Decroocq and Carole Frindel and Pierre Rougé and Makoto Ohta and Guillaume Lavoué},
  keywords={Cerebral arterial network, Centerlines, Hexahedral mesh, Computational fluid dynamics},
}

@article{morris_2013,
  author={Morris, P. D. and Ryan, D. and Morton, A. C. and Lycett, R. and Lawford, P. V. and Hose, D. R. and Gunn, J. P.},
  title={Virtual fractional flow reserve from coronary angiography: modeling the significance of coronary lesions: results from the VIRTU-1 (VIRTUal Fractional Flow Reserve From Coronary Angiography) study},
  journal={JACC: Cardiovascular Interventions},
  year={2013},
  month={Feb},
  volume={6},
  number={2},
  pages={149--157},
  doi={10.1016/j.jcin.2012.08.024},
  pmid={23428006}
}

@Article{fluids_2019,
  author={Lo, Ernest W. C. and Menezes, Leon J. and Torii, Ryo},
  title={Impact of Inflow Boundary Conditions on the Calculation of CT-Based FFR},
  journal={Fluids},
  volume={4},
  year={2019},
  number={2},
  article-number={60},
  url={https://www.mdpi.com/2311-5521/4/2/60},
  issn={2311-5521},
  doe={10.3390/fluids4020060}
}

@article{marcinno_2025,
  author={Marcinn{\'o}, Fabio and Hinz, Jochen and Buffa, Annalisa and Deparis, Simone},
  title={A spline-based hexahedral mesh generator for patient-specific coronary arteries},
  journal={arXiv preprint arXiv:2501.12965},
  year={2025},
  month={Jan},
  note={Version v1, published 22 January 2025},
  url={https://arxiv.org/abs/2501.12965},
  doi={10.48550/arXiv.2501.12965}
}

@article{arefinia_2024,
  author={Arefinia, F. and Aria, M. and Rabiei, R. and Hosseini, A. and Ghaemian, A. and Roshanpoor, A.},
  title={Non-invasive fractional flow reserve estimation using deep learning on intermediate left anterior descending coronary artery lesion angiography images},
  journal={Scientific Reports},
  year={2024},
  month={Jan},
  volume={14},
  number={1},
  pages={1818},
  doi={10.1038/s41598-024-52360-5},
  pmid={38245614},
  pmcid={PMC10799954},
  url={https://www.nature.com/articles/s41598-024-52360-5}
}

@article{wang_2019,
  author={Wang, Z. Q. and others},
  title={{DEEPVESSEL-FFR}: a deep learning platform for rapid FFR calculation from CTA without vessel modeling},
  journal={BMC Cardiovascular Disorders},
  year={2019},
  note={PMCID: PMC6379239},
  url={https://www.ncbi.nlm.nih.gov/pmc/articles/PMC6379239/}
}

@article{mineo_2024,
  author={Mineo, R. and Salanitri, F. P. and Bellitto, G. and Kavasidis, I. and Filippo, O. and Millesimo, M. and Ferrari, G. M. and Aldinucci, M. and Giordano, D. and Palazzo, S. and D'Ascenzo, F. and Spampinato, C.},
  title={A Convolutional-Transformer Model for FFR and iFR Assessment From Coronary Angiography},
  journal={IEEE Transactions on Medical Imaging},
  year={2024},
  month={Aug},
  volume={43},
  number={8},
  pages={2866--2877},
  doi={10.1109/TMI.2024.3383283},
  pmid={38954582},
  url={https://doi.org/10.1109/TMI.2024.3383283}
}

@article{debruyne_2012,
  author={De Bruyne, Bernard and Pijls, Nico H. J. and Kalesan, Bindu and Barbato, Emanuele and Tonino, Pim A. L. and Piroth, Zsolt and Jagic, Nikola and M{\"o}bius-Winkler, Sven and Rioufol, Gilles and Witt, Nils and Kala, Petr and MacCarthy, Philip and Engstr{\o}m, Thomas and Oldroyd, Keith G. and Mavromatis, Kreton and Manoharan, Ganesh and Verlee, Peter and Frobert, Ole and Curzen, Nick and Johnson, Jane B. and J{\"u}ni, Peter and Fearon, William F.},
  title={Fractional Flow Reserve–Guided PCI versus Medical Therapy in Stable Coronary Disease},
  journal={New England Journal of Medicine},
  year={2012},
  volume={367},
  number={11},
  pages={991--1001},
  doi={10.1056/NEJMoa1205361},
  url={https://www.nejm.org/doi/full/10.1056/NEJMoa1205361}
}

@article{bjarne_2014,
  author={Bjarne L. Nørgaard  and Jonathon Leipsic  and Sara Gaur  and Sujith Seneviratne  and Brian S. Ko  and Hiroshi Ito  and Jesper M. Jensen  and Laura Mauri  and Bernard De Bruyne  and Hiram Bezerra  and Kazuhiro Osawa  and Mohamed Marwan  and Christoph Naber  and Andrejs Erglis  and Seung-Jung Park  and Evald H. Christiansen  and Anne Kaltoft  and Jens F. Lassen  and Hans Erik Bøtker  and Stephan Achenbach  and null null },
  title={Diagnostic Performance of Noninvasive Fractional Flow Reserve Derived From Coronary Computed Tomography Angiography in Suspected Coronary Artery Disease},
  journal={JACC},
  volume={63},
  number={12},
  pages={1145-1155},
  year={2014},
  doi={10.1016/j.jacc.2013.11.043},
  URL={https://www.jacc.org/doi/abs/10.1016/j.jacc.2013.11.043},
  eprint={https://www.jacc.org/doi/pdf/10.1016/j.jacc.2013.11.043}
}

@article{morris_2013,
  author={Paul D. Morris  and Desmond Ryan  and Allison C. Morton  and Richard Lycett  and Patricia V. Lawford  and D. Rodney Hose  and Julian P. Gunn },
  title={Virtual Fractional Flow Reserve From Coronary Angiography: Modeling the Significance of Coronary Lesions},
  journal={JACC: Cardiovascular Interventions},
  volume={6},
  number={2},
  pages={149-157},
  year={2013},
  doi={10.1016/j.jcin.2012.08.024},
  URL={https://www.jacc.org/doi/abs/10.1016/j.jcin.2012.08.024},
  eprint={https://www.jacc.org/doi/pdf/10.1016/j.jcin.2012.08.024}
}

@article{belle_2018,
  author={Eric Van Belle  and Robert Gil  and Volker Klauss  and Mohammed Balghith  and Martijn Meuwissen  and Jérôme Clerc  and Bernhard Witzenbichler  and Miha Cercek  and Marios Vlachojannis  and Irene Lang  and Philippe Commeau  and Flavien Vincent  and Luca Testa  and Wojciech Wasek  and Nicolas Debry  and Stephan Kische  and Gabriele Gabrielli  and Gennaro Sardella },
  title={Impact of Routine Invasive Physiology at Time of Angiography in Patients With Multivessel Coronary Artery Disease on Reclassification of Revascularization Strategy},
  journal={JACC: Cardiovascular Interventions},
  volume={11},
  number={4},
  pages={354-365},
  year={2018},
  doi={10.1016/j.jcin.2017.11.030},
  URL={https://www.jacc.org/doi/abs/10.1016/j.jcin.2017.11.030},
  eprint={https://www.jacc.org/doi/pdf/10.1016/j.jcin.2017.11.030}
}

@article{chen_2019,
	author={Ying-Hwa Chen},
	title={Does Valve Implantation Depth Defined by Pre-Release Angiogram Reflect the Final Depth in TAVR?},
	journal={JACC: Cardiovascular Interventions},
	volume={12},
	number={23},
	pages={2435-2436},
	year={2019},
	doi={10.1016/j.jcin.2019.09.026},
	URL={https://www.jacc.org/doi/abs/10.1016/j.jcin.2019.09.026},
	eprint={https://www.jacc.org/doi/pdf/10.1016/j.jcin.2019.09.026}
}

@article{mintz_2015,
  author={Bo Zheng  and Gary S. Mintz  and John A. McPherson  and Bernard De Bruyne  and Naim Z. Farhat  and Steven P. Marso  and Patrick W. Serruys  and Gregg W. Stone  and Akiko Maehara },
  title={Predictors of Plaque Rupture Within Nonculprit Fibroatheromas in Patients With Acute Coronary Syndromes},
  journal={JACC: Cardiovascular Imaging},
  volume={8},
  number={10},
  pages={1180-1187},
  year={2015},
  doi={10.1016/j.jcmg.2015.06.014},
  URL={https://www.jacc.org/doi/abs/10.1016/j.jcmg.2015.06.014},
  eprint={https://www.jacc.org/doi/pdf/10.1016/j.jcmg.2015.06.014}
}

@article{koo_2011,
  author={Bon-Kwon Koo  and Andrejs Erglis  and Joon-Hyung Doh  and David V. Daniels  and Sanda Jegere  and Hyo-Soo Kim  and Allison Dunning  and Tony DeFrance  and Alexandra Lansky  and Jonathan Leipsic  and James K. Min },
  title={Diagnosis of Ischemia-Causing Coronary Stenoses by Noninvasive Fractional Flow Reserve Computed From Coronary Computed Tomographic Angiograms},
  journal={JACC},
  volume={58},
  number={19},
  pages={1989-1997},
  year={2011},
  doi={10.1016/j.jacc.2011.06.066},
  URL={https://www.jacc.org/doi/abs/10.1016/j.jacc.2011.06.066},
  eprint={https://www.jacc.org/doi/pdf/10.1016/j.jacc.2011.06.066}
}

@article{asch_2015,
  author={Asch, David A. and Troxel, Andrea B. and Stewart, Walter F. and Sequist, Thomas D. and Jones, James B. and Hirsch, AnneMarie G. and Hoffer, Karen and Zhu, Jingsan and Wang, Wenli and Hodlofski, Amanda and Frasch, Antonette B. and Weiner, Mark G. and Finnerty, Darra D. and Rosenthal, Meredith B. and Gangemi, Kelsey and Volpp, Kevin G.},
  title={Effect of Financial Incentives to Physicians, Patients, or Both on Lipid Levels: A Randomized Clinical Trial},
  journal={JAMA},
  volume={314},
  number={18},
  pages={1926-1935},
  year={2015},
  month={11},
  issn={0098-7484},
  doi={10.1001/jama.2015.14850},
  url={https://doi.org/10.1001/jama.2015.14850},
  eprint={https://jamanetwork.com/journals/jama/articlepdf/2468891/joi150135.pdf},
}

@article{gloekler_2014,
	author={Gloekler, Steffen and Traupe, Tobias and Stoller, Michael and Schild, Deborah and Steck, Helene and Khattab, Ahmed and Vogel, Rolf and Seiler, Christian},
	title={The effect of heart rate reduction by ivabradine on collateral function in patients with chronic stable coronary artery disease},
	volume={100},
	number={2},
	pages={160--166},
	year={2014},
	doi={10.1136/heartjnl-2013-304880},
	publisher={BMJ Publishing Group Ltd},
	issn={1355-6037},
	URL={https://heart.bmj.com/content/100/2/160},
	eprint={https://heart.bmj.com/content/100/2/160.full.pdf},
	journal={Heart}
}

@article{dweck_2019,
	author={Marc R. Dweck  and Jacek Kwiecinski },
	title={Emerging Sex Differences in Aortic Stenosis},
	journal={JACC: Cardiovascular Imaging},
	volume={12},
	number={1},
	pages={106-108},
	year={2019},
	doi={10.1016/j.jcmg.2017.09.018},
	URL={https://www.jacc.org/doi/abs/10.1016/j.jcmg.2017.09.018},
	eprint={https://www.jacc.org/doi/pdf/10.1016/j.jcmg.2017.09.018}
}

@article{becker_2024,
  author={Becker, L. M. and Peper, J. and van Nes, S. H. and van Es, H. W. and Sjauw, K. D. and van de Hoef, T. P. and Leiner, T. and Swaans, M. J.},
  title={Non-invasive physiological assessment of coronary artery obstruction on coronary computed tomography angiography},
  journal={Netherlands Heart Journal},
  year={2024},
  month={Nov},
  volume={32},
  number={11},
  pages={397--404},
  doi={10.1007/s12471-024-01902-7},
  pmid={39373810},
  pmcid={PMC11502690},
  url={https://doi.org/10.1007/s12471-024-01902-7}
}

@article{zhang_2025,
  author={Zhang, Longjiang and Chen, Qian and Tang, Chun Xiang and Shi, Zhao and Liu, Tongyuan and Hu, Chunhong and Lu, Bin and Jin, Zhengyu and Lu, Guangming and Cardiovascular Group of Chinese Association of Radiologists},
  title={Consensus on the research and application of artificial intelligence in coronary computed tomography angiography},
  journal={Intelligent Medicine},
  year={2025},
  volume={5},
  pages={234--242},
  doi={10.1016/j.imed.2024.11.006},
  url={https://doi.org/10.1016/j.imed.2024.11.006}
}

@article{kohl_2019,
  author={Kohl, Simon A. A. and Romera-Paredes, Bernardino and Maier-Hein, Klaus H. and Rezende, Danilo Jimenez and Eslami, S. M. Ali and Kohli, Pushmeet and Zisserman, Andrew and Ronneberger, Olaf},
  title={A Hierarchical Probabilistic U-Net for Modeling Multi-Scale Ambiguities},
  journal={arXiv preprint arXiv:1905.13077},
  year={2019},
  url={https://arxiv.org/abs/1905.13077}
}

@article{cimen_2014,
  author={Çimen, S. and Hoogendoorn, C. and Morris, P. D. and Gunn, J. and Frangi, A. F.},
  title={Reconstruction of coronary trees from 3DRA using a 3D+t statistical cardiac prior},
  booktitle={Medical Image Computing and Computer-Assisted Intervention -- MICCAI 2014},
  year={2014},
  volume={17, Part 2},
  pages={619--626},
  doi={10.1007/978-3-319-10470-6_77},
  pmid={25485431}
}

@article{mcinerney2002deformable,
  author={McInerney, T. and Hamarneh, G. and Shenton, M. and Terzopoulos, D.},
  title={Deformable organisms for automatic medical image analysis},
  journal={Medical Image Analysis},
  year={2002},
  month={Sep},
  volume={6},
  number={3},
  pages={251--266},
  doi={10.1016/S1361-8415(02)00083-X},
  pmid={12270230},
  pmcid={PMC2845173}
}

@article{mcinerney1996deformable,
  author={McInerney, T. and Terzopoulos, D.},
  title={Deformable models in medical image analysis: a survey},
  journal={Medical Image Analysis},
  year={1996},
  month={Jun},
  volume={1},
  number={2},
  pages={91--108},
  doi={10.1016/S1361-8415(96)80007-7},
  pmid={9873923}
}

@inproceedings{terzopoulos1997deformable,
  author={Terzopoulos, D. and McInerney, T.},
  title={Deformable models and the analysis of medical images},
  booktitle={Studies in Health Technology and Informatics},
  year={1997},
  volume={39},
  pages={369--378},
  pmid={10168933}
}

@article{mcinerney1999topology,
  author={McInerney, T. and Terzopoulos, D.},
  title={Topology adaptive deformable surfaces for medical image volume segmentation},
  journal={IEEE Transactions on Medical Imaging},
  year={1999},
  month={Oct},
  volume={18},
  number={10},
  pages={840--850},
  doi={10.1109/42.811261},
  pmid={10628944}
}
