@Book{Boch,
  author =	 {Bocharov, P. P. and D'Apice, C. and Pechinkin,
                  A. V. and Salerno, S.},
  title =	 {{Queueing Theory}},
  address =	 {Utrecht, Boston},
  publisher =	 {VSP},
  year =	 2004,
  numpages =	 446,
  language =	 {english}
}

@Article{bash1,
  author =	 {Basharin, G. P. and Gaidamaka, {\mbox{Yu}}. V. and
                  Samouylov, K. E.},
  title =	 {{Mathematical Theory of Teletraffic and its
                  Application to the Analysis of Multiservice
                  Communication of Next Generation Networks}},
  journal =	 {Automatic Control and Computer Sciences},
  number =	 2,
  volume =	 47,
  year =	 2013,
  pages =	 {62--69},
  doi =		 {10.3103/S0146411613020028},
  language =	 {english}
}

@Book{MMAP-book,
  author =	 {Trivedi~Kishor, S.},
  title =	 {{Probability and Statistics with Reliability,
                  Queuing, and Computer Science Applications, Second
                  Edition}},
  publisher =	 {John Wiley \& Sons},
  year =	 2016,
  numpages =	 830,
  language =	 {english}
}

@Book{5,
  author =	 {Chee-Hoc, Ng and Boon-Hee, Soong},
  title =	 {{Queueing Modelling Fundamentals with Applications
                  in Communication Networks. 2nd Edition}},
  publisher =	 {John Wiley \& Sons},
  year =	 2008,
  numpages =	 292,
  language =	 {english}
}

@Article{Neuts3,
  author =	 {Neuts, M. F.},
  title =	 {{A Versatile Markovian Point Process}},
  journal =	 {Journal of Applied Probability},
  number =	 4,
  volume =	 16,
  year =	 1979,
  pages =	 {764--779},
  doi =		 {10.2307/3213143},
  language =	 {english}
}

@Book{Neuts4,
  author =	 {Neuts, M. F.},
  title =	 {{Matrix Geometric Solutions in Stochastic Models: An
                  Algorithmic Approach}},
  address =	 {Baltimore},
  publisher =	 {Johns Hopkins University Press},
  year =	 1981,
  numpages =	 352,
  language =	 {english}
}

@Article{Neuts5,
  author =	 {Neuts, M. F.},
  title =	 {{Matrix-Analytic Methods in Queuing Theory}},
  journal =	 {European Journal of Operational Research},
  number =	 1,
  volume =	 15,
  year =	 1984,
  pages =	 {2--12},
  doi =		 {10.1016/0377-2217(84)90034-1},
  language =	 {english}
}

@Book{Neuts6,
  author =	 {Neuts, M. F.},
  title =	 {{Structured Stochastic Matrices of M/G/1 Type and
                  Their Applications}},
  address =	 {New York},
  publisher =	 {Marcel Dekker Inc.},
  year =	 1989,
  numpages =	 512,
  language =	 {english}
}

@Article{4,
  author =	 {Fisher, W. and Meier-Hellstern, K. S.},
  title =	 {{The Markov-Modulated Poisson Process (MMPP)
                  Cookbook}},
  journal =	 {Performance Evaluation},
  number =	 2,
  volume =	 18,
  year =	 1993,
  pages =	 {149--171},
  doi =		 {10.1016/0166-5316(93)90035-S},
  language =	 {english}
}

@Article{MMPP-1998,
  author =	 {Andersen, A. and Nielsen, B.},
  title =	 {{A Markovian Approach for Modelling Packet Traffic
                  with Long-Range Dependence}},
  journal =	 {IEEE Journal on Selected Areas in Communications},
  number =	 5,
  volume =	 16,
  year =	 1998,
  pages =	 {719--732},
  doi =		 {10.1109/49.700908},
  language =	 {english}
}

@Article{MMPP-2005,
  author =	 {Muscariello, L. and Mellia, M. and Meo, M. and
                  Marsan, M. A. and Cigno, R. L.},
  title =	 {{Markov Models of Internet Traffic and a New
                  Hierarchical MMPP Model}},
  journal =	 {Computer Communications},
  number =	 16,
  volume =	 28,
  year =	 2005,
  pages =	 {1835--1852},
  doi =		 {10.1016/j.comcom.2005.02.012},
  language =	 {english}
}

@Article{vish,
  author =	 {Andronov, A. M. and Vishnevsky, V. M.},
  title =	 {{Markov-Modulated Continuous Time Finite Markov
                  chain as the Model of Hybrid Wireless Communication
                  Channels Operation}},
  journal =	 {Automatic Control and Computer Sciences},
  number =	 3,
  volume =	 50,
  year =	 2016,
  pages =	 {125--132},
  doi =		 {10.3103/S0146411616030020},
  language =	 {english}
}

@Article{koz1,
  author =	 {Ometov, A. and Kozyrev, D. and Rykov, V. and
                  Andreev, S. and Gaidamaka, {\mbox{Yu}}. and
                  Koucheryavy, {\mbox{Ye}}.},
  title =	 {{Reliability-Centric Analysis of Offloaded
                  Computation in Cooperative Wearable Applications}},
  journal =	 {Wireless Communications and Mobile Computing},
  volume =	 2017,
  year =	 2017,
  pages =	 9625687,
  doi =		 {10.1155/2017/9625687},
  language =	 {english}
}

@InProceedings{koz2,
  author =	 {Rykov, V. and Kozyrev, D.},
  title =	 {{Analysis of Renewable Reliability Systems by
                  Markovization Method}},
  booktitle =	 {Lecture Notes in Computer Science},
  year =	 2017,
  organization = {Analytical and Computational Methods in Probability
                  Theory, ACMPT 2017},
  publisher =	 {Germany, Heidelberg, Springer-Verlag},
  pages =	 {210--220},
  doi =		 {10.1007/978-3-319-71504-9\_19},
  language =	 {english}
}

@InProceedings{koz3,
  author =	 {Rykov, V. and Kozyrev, D. and Zaripova, E.},
  title =	 {{Modeling and Simulation of Reliability Function of
                  a Homogeneous Hot Double Redundant Repairable
                  System}},
  booktitle =	 {ECMS 2017 Proceedings},
  year =	 2017,
  organization = {European Council for Modeling and Simulation},
  publisher =	 {European Council for Modelling and Simulation},
  address =	 {Budapest, Hungary, May 23--26},
  pages =	 {701--705},
  doi =		 {10.7148/2017-0701},
  language =	 {english}
}

@InProceedings{raz0,
  author =	 {Pechinkin, A. P. and Razumchik, R.},
  title =	 {{Approach for Analysis of Finite M2|M2|1|R with
                  Hysteric Policy for SIP Server Hop-by-Hop Overload
                  Control}},
  booktitle =	 {Proceedings -- 27th European Conference on Modelling
                  and Simulation, ECMS 2013},
  year =	 2013,
  organization = {European Council for Modelling and Simulation},
  publisher =	 {European Council for Modelling and Simulation},
  address =	 {Alesund, Norway, May 27--30, 2013},
  pages =	 {573-579},
  doi =		 {10.7148/2013-0573},
  language =	 {english}
}

@InProceedings{raz1,
  author =	 {Razumchik, R.},
  title =	 {{Analysis of Finite $MAP|PH|1$ Queue with Hysteretic
                  Control of Arrivals}},
  booktitle =	 {International Congress on Ultra Modern
                  Telecommunications and Control Systems and
                  Workshops, ICUMI-2016},
  year =	 2016,
  organization = {IEEE Computer Society},
  publisher =	 {IEEE Computer Society},
  address =	 {Lisbon, Portugal, October 18--20},
  pages =	 {288--293},
  doi =		 {10.1109/ICUMT.2016.7765373},
  language =	 {english}
}

@Article{raz2,
  author =	 {Razumchik, R.  and Telek, M.},
  title =	 {{Delay Analysis of a Queue with Re-sequencing Buffer
                  and Markov Environment}},
  journal =	 {Queueing Systems},
  number =	 {1--2},
  volume =	 82,
  year =	 2016,
  pages =	 {7--28},
  doi =		 {10.1007/s11134-015-9444-z},
  language =	 {english}
}

@InProceedings{raz3,
  author =	 {Razumchik, R. and Telek, M.},
  title =	 {{Delay Analysis of Resequencing Buffer in Markov
                  Environment with HOQ-FIFO-LIFO Policy}},
  booktitle =	 {Lecture Notes in Computer Science},
  volume =	 10497,
  year =	 2017,
  organization = {14th European Workshop on Computer Performance
                  Engineering, EPEW 2017},
  publisher =	 {Springer Verlag},
  address =	 {Berlin, Germany, September 7--8},
  pages =	 {53--68},
  doi =		 {10.1007/978-3-319-66583-2\_4},
  language =	 {english}
}

@InProceedings{sam1,
  author =	 {Klimenok, V. and Dudina, O. and Vishnevsky, V. and
                  Samouylov, K.},
  title =	 {{Retrial Tandem Queue with BMAP-input and
                  Semi-Markovian Service Process}},
  booktitle =	 {Communications in Computer and Information Science,
                  vol.~700},
  year =	 2017,
  organization = {20th International Conference on Distributed
                  Computer and Communication Networks, DCCN 2017},
  publisher =	 {Springer Verlag},
  address =	 {Moscow, Russian Federation, September 25--29},
  pages =	 {159-173},
  doi =		 {10.1007/978-3-319-66836-9\_14},
  language =	 {english}
}

@InProceedings{sam2,
  author =	 {Dudin, S. and Dudin, A. and Dudina, O. and
                  Samouylov, K.},
  title =	 {{Analysis of a Retrial Queue with Limited Processor
                  Sharing Operating in the Random Environment}},
  booktitle =	 {Lecture Notes in Computer Science, LNCS},
  volume =	 10372,
  year =	 2017,
  organization = {15th International Conference on Wired/Wireless
                  Internet Communications, WWIC 2017},
  publisher =	 {Springer Verlag},
  address =	 {St. Petersburg, Russian Federation, June 21--23},
  pages =	 {38--49},
  doi =		 {10.1007/978-3-319-61382-6\_4},
  language =	 {english}
}

@InProceedings{6b,
  author =	 {Zaryadov, I. and Korolkova, A. and Kulyabov, D. and
                  Milovanova, T. and Tsurlukov, V.},
  title =	 {{The Survey on Markov-Modulated Arrival Processes
                  and Their Application to the Analysis of Active
                  Queue Management Algorithms}},
  booktitle =	 {Communications in Computer and Information Science},
  volume =	 700,
  year =	 2017,
  organization = {20th International Conference on Distributed
                  Computer and Communication Networks, DCCN 2017},
  publisher =	 {Springer Verlag},
  address =	 {Moscow, Russian Federation, September 25--29},
  pages =	 {417-430},
  doi =		 {10.1007/978-3-319-66836-9\_35},
  language =	 {english}
}

@InProceedings{sop1,
  author =	 {Naumov, V. and Samouylov, K. and Yarkina, N. and
                  Sopin, E. and Andreev, S. and Samuylov, A.},
  title =	 {LTE Performance Analysis Using Queuing Systems with
                  Finite Resources and Random Requirements},
  booktitle =	 {7th International Congress on Ultra Modern
                  Telecommunications and Control Systems ICUMT-2015},
  year =	 2015,
  organization = {IEEE Computer Society},
  publisher =	 {IEEE Computer Society},
  address =	 {Brno, Czech Republic, October 6--8},
  pages =	 {100-103},
  doi =		 {10.1109/ICUMT.2015.7382412},
  language =	 {english}
}

@InProceedings{sop3,
  author =	 {Samouylov, K. and Sopin, E. and Vikhrova, O. and
                  Shorgin, S.},
  title =	 {Convolution Algorithm for Normalization Constant
                  Evaluation in Queuing System with Random
                  Requirements},
  booktitle =	 {AIP Conference Proceedings},
  volume =	 1863,
  year =	 2017,
  organization = {International Conference of Numerical Analysis and
                  Applied Mathematics 2016, ICNAAM 2016},
  publisher =	 {American Institute of Physics Inc.},
  address =	 {Rodos Palace HotelRhodes, Greece, September 19--25},
  pages =	 090004,
  doi =		 {10.1063/1.4992269},
  language =	 {english}
}

@Article{sop4,
  author =	 {Naumov, V. A. and Samuilov, K. E. and Samuilov,
                  A. K.},
  title =	 {{On the Total Amount of Resources Occupied by
                  Serviced Customers}},
  journal =	 {Automation and Remote Control},
  number =	 8,
  volume =	 77,
  year =	 2016,
  pages =	 {1419--1427},
  doi =		 {10.1134/S0005117916080087},
  language =	 {english}
}

@Article{sop5,
  author =	 {Samouylov, K. E. and Sopin, E. S. and Shorgin,
                  S. {\mbox{Ya}}.},
  title =	 {{Queuing Systems with Resources and Signals and
                  Their Application for Performance Evaluation of
                  Wireless Networks}},
  journal =	 {Informatika i ee Primeneniya},
  number =	 3,
  volume =	 11,
  year =	 2017,
  pages =	 {99--105},
  doi =		 {10.14357/19922264170311},
  language =	 {english}
}

@InProceedings{sop6,
  author =	 {Sopin, E. and Vikhrova, O. and Samouylov, K.},
  title =	 {{LTE Network Model with Signals and Random Resource
                  Requirements}}, 
  booktitle =	 {9th International Congress on Ultra Modern
                  Telecommunications and Control Systems and
                  Workshops}, 
  year =	 2017,
  OPTorganization = {IEEE Computer Society},
  publisher =	 {IEEE Computer Society},
  address =	 {Munich, Germany,  November 6--8},
  pages =	 {101--106},
  doi = {10.1109/ICUMT.2017.8255155},
  language =	 {english}
}

@Article{sop7,
  author =	 {Naumov, V. and Samouylov, K.},
  title =	 {{Analysis of Multi-resource Loss System with
                  State-dependent Arrival and Service Rates}},
  journal =	 {Probability in the Engineering and Informational
                  Sciences},
  number =	 4,
  volume =	 31,
  year =	 2017,
  pages =	 {413--419},
  doi =		 {10.1017/S0269964817000079},
  language =	 {english}
}

@InProceedings{sop8,
  author =	 {Sopin, E. S. and Vikhrova, O. G.},
  title =	 {{Probability Characteristics Evaluation in Queueing
                  System with Random Requirements}},
  booktitle =	 {CEUR Workshop Proceedings, vol.~1995},
  year =	 2017,
  organization = {7th International Conference ``Information and
                  Telecommunication Technologies and Mathematical
                  Modeling of High-Tech Systems'', ITTMM 2017},
  publisher =	 {CEUR-WS},
  address =	 {Peoples' Friendship University of Russia (RUDN
                  University) Moscow, Russian Federation},
  pages =	 {85-92},
  language =	 {english}
}

@InProceedings{13,
  author =	 {Tsurlukov, V. V.},
  title =	 {{The Mathematical Model of the System with Resources
                  and Random Environment}},
  booktitle =	 {Proceedings of 2nd International School on Applied
                  Probability Theory and Communications Technologies},
  year =	 2017,
  organization = {2nd International School on Applied Probability
                  Theory and Communications Technologies},
  publisher =	 {RUDN University},
  address =	 {Peoples' Friendship University of Russia (RUDN
                  University) Moscow, Russian Federation, October
                  23--27},
  pages =	 {318-320},
  language =	 {russian}
}

@Book{MMAP-book1,
  author =	 {Chakravarthy, S. and Alfa, Attahiru S.},
  title =	 {{Matrix-Analytic Methods in Stochastic Models}},
  publisher =	 {CRC Press},
  year =	 1996,
  pages =	 396,
  language =	 {english}
}

@Book{MMAP-book2,
  author =	 {Breuer, L. and Baum, D.},
  title =	 {{An Introduction to Queueing Theory and
                  Matrix-Analytic Methods}},
  address =	 {Dordrecht},
  publisher =	 {Springer Netherlands},
  year =	 2005,
  pages =	 286,
  language =	 {english}
}

@Book{MMAP-book4,
  author =	 {Qi-Ming, He},
  title =	 {{Fundamentals of Matrix-Analytic Methods}},
  address =	 {New-York},
  publisher =	 {Springer-Verlag New York},
  year =	 2014,
  pages =	 364,
  language =	 {english}
}

%%% Local Variables:
%%% mode: bibtex
%%% coding: utf-8-unix
%%% End:

